@inproceedings{paxton2017costar,
  title={CoSTAR: Instructing collaborative robots with behavior trees and vision},
  author={Paxton, Chris and Hundt, Andrew and Jonathan, Felix and Guerin, Kelleher and Hager, Gregory D},
  booktitle={Robotics and Automation (ICRA), 2017 IEEE International Conference on},
  note={available as arXiv preprint arXiv:1611.06145},
  year={2017}
}

@inproceedings{berthet2016hubot,
  title={Hubot: A three state Human-Robot collaborative framework for bimanual surgical tasks based on learned models},
  author={Berthet-Rayne, Pierre and Power, Maura and King, Hawkeye and Yang, Guang-Zhong},
  booktitle={Robotics and Automation (ICRA), 2016 IEEE International Conference on},
  pages={715--722},
  year={2016},
  organization={IEEE}
}

@article{kassahun2016surgical,
  title={Surgical robotics beyond enhanced dexterity instrumentation: a survey of machine learning techniques and their role in intelligent and autonomous surgical actions},
  author={Kassahun, Yohannes and Yu, Bingbin and Tibebu, Abraham Temesgen and Stoyanov, Danail and Giannarou, Stamatia and Metzen, Jan Hendrik and Vander Poorten, Emmanuel},
  journal={International journal of computer assisted radiology and surgery},
  volume={11},
  number={4},
  pages={553--568},
  year={2016},
  publisher={Springer}
}

@inproceedings{kaplan2016toward,
  title={Toward human-robot collaboration in surgery: performance assessment of human and robotic agents in an inclusion segmentation task},
  author={Kaplan, Kirsten E and Nichols, Kirk A and Okamura, Allison M},
  booktitle={Robotics and Automation (ICRA), 2016 IEEE International Conference on},
  pages={723--729},
  year={2016},
  organization={IEEE}
}

@inproceedings{chen2017software,
  title={Software Architecture of the Da Vinci Research Kit},
  author={Chen, Zihan and Deguet, Anton and Taylor, Russell H and Kazanzides, Peter},
  booktitle={Robotic Computing (IRC), IEEE International Conference on},
  pages={180--187},
  year={2017},
  organization={IEEE}
}

@inproceedings{padoy2011human,
  title={Human-machine collaborative surgery using learned models},
  author={Padoy, Nicolas and Hager, Gregory D},
  booktitle={Robotics and Automation (ICRA), 2011 IEEE International Conference on},
  pages={5285--5292},
  year={2011},
  organization={IEEE}
}

@inproceedings{van2010superhuman,
  title={Superhuman performance of surgical tasks by robots using iterative learning from human-guided demonstrations},
  author={Van Den Berg, Jur and Miller, Stephen and Duckworth, Daniel and Hu, Humphrey and Wan, Andrew and Fu, Xiao-Yu and Goldberg, Ken and Abbeel, Pieter},
  booktitle={Robotics and Automation (ICRA), 2010 IEEE International Conference on},
  pages={2074--2081},
  year={2010},
  organization={IEEE}
}

@article{shademan2016supervised,
  title={Supervised autonomous robotic soft tissue surgery},
  author={Shademan, Azad and Decker, Ryan S and Opfermann, Justin D and Leonard, Simon and Krieger, Axel and Kim, Peter CW},
  journal={Science translational medicine},
  volume={8},
  number={337},
  pages={337ra64--337ra64},
  year={2016},
  publisher={American Association for the Advancement of Science}
}

@inproceedings{hu2015semi,
  title={Semi-autonomous simulated brain tumor ablation with ravenii surgical robot using behavior tree},
  author={Hu, Danying and Gong, Yuanzheng and Hannaford, Blake and Seibel, Eric J},
  booktitle={Robotics and Automation (ICRA), 2015 IEEE International Conference on},
  pages={3868--3875},
  year={2015},
  organization={IEEE}
}

@article{bauzano2016collaborative,
  title={Collaborative human--robot system for HALS suture procedures},
  author={Bauzano, Enrique and Estebanez, Belen and Garcia-Morales, Isabel and Mu{\~n}oz, Victor F},
  journal={IEEE Systems Journal},
  volume={10},
  number={3},
  pages={957--966},
  year={2016},
  publisher={IEEE}
}

@article{vedula2016analysis,
  title={Analysis of the structure of surgical activity for a suturing and knot-tying task},
  author={Vedula, S Swaroop and Malpani, Anand O and Tao, Lingling and Chen, George and Gao, Yixin and Poddar, Piyush and Ahmidi, Narges and Paxton, Christopher and Vidal, Rene and Khudanpur, Sanjeev and others},
  journal={PloS one},
  volume={11},
  number={3},
  pages={e0149174},
  year={2016},
  publisher={Public Library of Science}
}
